@inproceedings{Davis:1985:AAA:1625135.1625164,
 author = {Davis, Lawrence},
 title = {Applying Adaptive Algorithms to Epistatic Domains},
 booktitle = {Proceedings of the 9th International Joint Conference on Artificial Intelligence - Volume 1},
 series = {IJCAI'85},
 year = {1985},
 isbn = {0-934613-02-8},
 location = {Los Angeles, California},
 pages = {162--164},
 numpages = {3},
 url = {http://dl.acm.org/citation.cfm?id=1625135.1625164},
 acmid = {1625164},
 publisher = {Morgan Kaufmann Publishers Inc.},
 address = {San Francisco, CA, USA},
} 
