@misc{
	backpropagation-de,
	title			= {Backpropagation - Neural Networks with Java},
	howpublished	= "\url{http://www.nnwj.de/backpropagation.html}",
}

@misc{
	backpropagation-au,
	title			= {Multi-Layer Perceptron - Back Propagation},
	howpublished	= "\url{https://www.cse.unsw.edu.au/~cs9417ml/MLP2/BackPropagation.html}",
}